@inproceedings{spotlight,
title = {Improving Efficiency and Accuracy in Multilingual Entity Extraction},
author = {Joachim Daiber and Max Jakob and Chris Hokamp and Pablo N. Mendes},
year = {2013},
booktitle = {Proceedings of the 9th International Conference on Semantic Systems (I-Semantics)}
}

@InProceedings{stanford,
  author    = {Manning, Christopher D. and  Surdeanu, Mihai  and  Bauer, John  and  Finkel, Jenny  and  Bethard, Steven J. and  McClosky, David},
  title     = {The {Stanford} {CoreNLP} Natural Language Processing Toolkit},
  booktitle = {Association for Computational Linguistics (ACL) System Demonstrations},
  year      = {2014},
  pages     = {55--60},
  url       = {http://www.aclweb.org/anthology/P/P14/P14-5010}
}


