@inproceedings{spotlight,
title = {Improving Efficiency and Accuracy in Multilingual Entity Extraction},
author = {Joachim Daiber and Max Jakob and Chris Hokamp and Pablo N. Mendes},
year = {2013},
booktitle = {Proceedings of the 9th International Conference on Semantic Systems (I-Semantics)}
}

@inproceedings{coref,
        year = {2013},
        author = {Marta Recasens and Marie-Catherine {de Marneffe} and Christopher Potts},
        booktitle = {North American Association for Computational Linguistics (NAACL)},
        title = {The Life and Death of Discourse Entities: Identifying Singleton Mentions},
}

@InProceedings{stanford,
  author    = {Manning, Christopher D. and  Surdeanu, Mihai  and  Bauer, John  and  Finkel, Jenny  and  Bethard, Steven J. and  McClosky, David},
  title     = {The {Stanford} {CoreNLP} Natural Language Processing Toolkit},
  booktitle = {Association for Computational Linguistics (ACL) System Demonstrations},
  year      = {2014},
  pages     = {55--60},
  url       = {http://www.aclweb.org/anthology/P/P14/P14-5010}
}

@InProceedings{parser,
  author = {Joakim Nivre and Marie-Catherine de Marneffe and Filip Ginter and Yoav Goldberg and Jan Hajic and Christopher D. Manning and Ryan McDonald and Slav Petrov and Sampo Pyysalo and Natalia Silveira and Reut Tsarfaty and Daniel Zeman},
  title = {Universal Dependencies v1: A Multilingual Treebank Collection},
  booktitle = {Proceedings of the Tenth International Conference on Language Resources and Evaluation (LREC 2016)},
  year = {2016}
 }

@inproceedings{disambiguate,
 author = {Mendes, Pablo N. and Jakob, Max and Garc\'{\i}a-Silva, Andr{\'e}s and Bizer, Christian},
 title = {DBpedia Spotlight: Shedding Light on the Web of Documents},
 booktitle = {Proceedings of the 7th International Conference on Semantic Systems},
 series = {I-Semantics '11},
 year = {2011},
 pages     = {3}
} 

@incollection{agdistis,
  author = {Usbeck, Ricardo and {Ngonga Ngomo}, Axel-Cyrille and R{\"o}der, Michael and Auer, S{\"o}ren and Gerber, Daniel and Both, Andreas},
  booktitle = {{European Conference on Artificial Intelligence}},
  title = {AGDISTIS - Agnostic Disambiguation of Named Entities Using Linked Open Data},
  year = 2014
}

@inproceedings{openie,
  author = {Angeli, Gabor and Premkumar, Melvin Jose Johnson and Manning, Christopher D.},
  booktitle = {ACL (1)},
  pages = {344-354},
  publisher = {The Association for Computer Linguistics},
  title = {Leveraging Linguistic Structure For Open Domain Information Extraction.},
  url = {http://dblp.uni-trier.de/db/conf/acl/acl2015-1.html#AngeliPM15},
  year = 2015
}

